@Article{leckie2003stand,
  Title                    = {Stand delineation and composition estimation using semi-automated individual tree crown analysis},
  Author                   = {Leckie, Donald G and Gougeon, Fran{\c{c}}ois A and Walsworth, Nicholas and Paradine, Dennis},
  Journal                  = {Remote Sensing of Environment},
  Year                     = {2003},
  Number                   = {3},
  Pages                    = {355--369},
  Volume                   = {85},
  Publisher                = {Elsevier}
}

@article{Weinmann2015286,
title = "Semantic point cloud interpretation based on optimal neighborhoods, relevant features and efficient classifiers ",
journal = "{ISPRS} Journal of Photogrammetry and Remote Sensing ",
volume = "105",
number = "",
pages = "286 - 304",
year = "2015",
author = "Martin Weinmann and Boris Jutzi and Stefan Hinz and Clément Mallet"}


@Article{rs6053965,
AUTHOR = {Radoux, Julien and Lamarche, Céline and Van Bogaert, Eric and Bontemps, Sophie and Brockmann, Carsten and Defourny, Pierre},
TITLE = {Automated Training Sample Extraction for Global Land Cover Mapping},
JOURNAL = {Remote Sensing},
VOLUME = {6},
YEAR = {2014},
NUMBER = {5},
PAGES = {3965},
ISSN = {2072-4292},
DOI = {10.3390/rs6053965}
}

@Article{hernando2012spatial,
  Title                    = {Spatial and thematic assessment of object-based forest stand delineation using an {OFA}-matrix},
  Author                   = {Hernando, A and Tiede, Dirk and Albrecht, Florian and Lang, Stefan},
  Journal                  = {International Journal of Applied Earth Observation and Geoinformation},
  Year                     = {2012},
  Pages                    = {214--225},
  Volume                   = {19},
  Publisher                = {Elsevier}
}
@Article{wang,
  Title                    = {International Benchmarking of the Individual Tree Detection Methods for Modeling 3D Canopy Structure for Silviculture and Forest Ecology Using Airborne Laser Scanning},
  Author                   = {Y. Wang and J. Hyypp\"a and X. Liang and  H. Kaartinen and  X. Yu and  E. Lindberg and  J. Holmgren and  Y. Qin and C. Mallet and  A. Ferraz and  H. Torabzadeh and  F. Morsdorf and  L. Zhu and  J. Liu and  P. Alho},
  Journal                  = {IEEE Transactions on Geoscience and Remote Sensing,},
  volume = "154",
number = "9",
pages = "501-502",
Year = {2016}
}
@article{Ferraz201623,
title = "Large-scale road detection in forested mountainous areas using airborne topographic lidar data ",
journal = "ISPRS Journal of Photogrammetry and Remote Sensing ",
volume = "112",
number = "",
pages = "23 - 36",
year = "2016",
author = "António Ferraz and Clément Mallet and Nesrine Chehata"
}
@article{Li2013104,
title = "Classification of tree species based on structural features derived from high density LiDAR data ",
journal = "Agricultural and Forest Meteorology ",
volume = "171–172",
pages = "104 - 114",
year = "2013",
author = "Jili Li and Baoxin Hu and Thomas L. Noland"
}
@Article{isprsannals-II-3-W2-13-2013,
AUTHOR = {Gressin, A. and Mallet, C. and Vincent, N. and Paparoditis, N.},
TITLE = {Updating land cover databases using a single very high resolution satellite image},
JOURNAL = {ISPRS Annals of Photogrammetry, Remote Sensing and Spatial Information Sciences},
VOLUME = {II-3/W2},
YEAR = {2013},
PAGES = {13--18}
}
@Article{isprs-annals-III-7-133-2016,
AUTHOR = {Maas, A. and Rottensteiner, F. and Heipke, C.},
TITLE = {Using label noise robust logistic regression for automated updating of topographic geospatial databases},
JOURNAL = {ISPRS Annals of Photogrammetry, Remote Sensing and Spatial Information Sciences},
VOLUME = {III-7},
YEAR = {2016},
PAGES = {133--140}
}
@Article{koch2009airborne,
  Title                    = {Airborne laser data for stand delineation and information extraction},
  Author                   = {Koch, B and Straub, Ch and Dees, M and Wang, Y and Weinacker, H},
  Journal                  = {International Journal of Remote Sensing},
  Year                     = {2009},
  Number                   = {4},
  Pages                    = {935--963},
  Volume                   = {30},
  Publisher                = {Taylor \& Francis}
}

@InProceedings{wu2014data,
  Title                    = {{ALS} data based forest stand delineation with a coarse-to-fine segmentation approach},
  Author                   = {Wu, Zhengzhe and Heikkinen, Ville and Hauta-Kasari, Markku and Parkkinen, Jussi and Tokola, Timo},
  Booktitle                = {IEEE Congress on Image and Signal Processing (CISP)},
  Year                     = {2014},
  Pages                    = {547--552},
  address={Dalian, China}
  }

@Article{li2013classification,
  Title                    = {Classification of tree species based on structural features derived from high density LiDAR data},
  Author                   = {Li, Jili and Hu, Baoxin and Noland, Thomas L},
  Journal                  = {Agricultural and Forest Meteorology},
  Year                     = {2013},
  Pages                    = {104--114},
  Volume                   = {171},
  Publisher                = {Elsevier}
}

@Article{garcia2014evolutionary,
  Title                    = {Evolutionary feature selection to estimate forest stand variables using LiDAR},
  Author                   = {Garcia-Gutierrez, Jorge and Gonzalez-Ferreiro, Eduardo and Riquelme-Santos, Jose C and Miranda, David and Dieguez-Aranda, Ulises and Navarro-Cerrillo, Rafael M},
  Journal                  = {International Journal of Applied Earth Observation and Geoinformation},
  Year                     = {2014},
  Pages                    = {119--131},
  Volume                   = {26},
  Publisher                = {Elsevier}
}

@InProceedings{zhang2014feature,
  Title                    = {Feature assessment in object-based forest classification using airborne LiDAR data and high spatial resolution satellite imagery},
  Author                   = {Zhang, Zhenyu and Liu, Xiaoye and Wright, Wendy},
  Booktitle                = {IEEE workshop on Earth Observation and Remote Sensing Applications (EORSA)},
  Year                     = {2014},
  Pages                    = {393--397}
}

@Article{dalponte2014tree,
  Title                    = {Tree crown delineation and tree species classification in boreal forests using hyperspectral and {ALS} data},
  Author                   = {Dalponte, Michele and {\O}rka, Hans Ole and Ene, Liviu Theodor and Gobakken, Terje and N{\ae}sset, Erik},
  Journal                  = {Remote Sensing of Environment},
  Year                     = {2014},
  Pages                    = {306--317},
  Volume                   = {140},
  Publisher                = {Elsevier}
}

@Article{dalponte2012tree,
  Title                    = {Tree species classification in the {S}outhern {A}lps based on the fusion of very high geometrical resolution multispectral/hyperspectral images and {LiDAR} data},
  Author                   = {Dalponte, Michele and Bruzzone, Lorenzo and Gianelle, Damiano},
  Journal                  = {Remote Sensing of Environment},
  Year                     = {2012},
  Pages                    = {258--270},
  Volume                   = {123},
  Publisher                = {Elsevier}
}

@Article{dalponte2008fusion,
  Title                    = {Fusion of hyperspectral and LIDAR remote sensing data for classification of complex forest areas},
  Author                   = {Dalponte, Michele and Bruzzone, Lorenzo and Gianelle, Damiano},
  Journal                  = {IEEE Transactions on Geoscience and Remote Sensing},
  Year                     = {2008},
  Number                   = {5},
  Pages                    = {1416--1427},
  Volume                   = {46},
  Publisher                = {IEEE}
}

@Article{dalponte2015SVM,
  Title                    = {Semi-supervised {SVM} for individual tree crown species classification},
  Author                   = {Dalponte, Michele and Ene, Liviu Theodor and Witte, C and Marconcini, Mattia and Gobakken, Terje and N{\ae}sset, Erik},
  Journal                  = {ISPRS Journal of Photogrammetry and Remote Sensing},
  Year                     = {2015},
  Pages                    = {77--87},
  Volume                   = {110},
  Publisher                = {Elsevier}
}

@InProceedings{liu2011fusion,
  Title                    = {Fusion of airborne hyperspectral and LiDAR data for tree species classification in the temperate forest of northeast China},
  Author                   = {Liu, Lijuan and Pang, Yong and Fan, Wenyi and Li, Zengyuan and Li, Mingze},
  Booktitle                = {IEEE Conference on Geoinformatics},
  Year                     = {2011},
  Pages                    = {1--5}
}

@Article{moffiet2005airborne,
  Title                    = {Airborne laser scanning: Exploratory data analysis indicates potential variables for classification of individual trees or forest stands according to species},
  Author                   = {Moffiet, Trevor and Mengersen, K and Witte, C and King, R and Denham, R},
  Journal                  = {ISPRS Journal of Photogrammetry and Remote Sensing},
  Year                     = {2005},
  Number                   = {5},
  Pages                    = {289--309},
  Volume                   = {59},
  Publisher                = {Elsevier}
}

@Article{torabzadeh2014fusion,
  Title                    = {Fusion of imaging spectroscopy and airborne laser scanning data for characterization of forest ecosystems--A review},
  Author                   = {Torabzadeh, Hossein and Morsdorf, Felix and Schaepman, Michael E},
  Journal                  = {ISPRS Journal of Photogrammetry and Remote Sensing},
  Year                     = {2014},
  Pages                    = {25--35},
  Volume                   = {97},
  Publisher                = {Elsevier}
}

@Article{radoux2007quantitative,
  Title                    = {A quantitative assessment of boundaries in automated forest stand delineation using very high resolution imagery},
  Author                   = {Radoux, Julien and Defourny, Pierre},
  Journal                  = {Remote Sensing of Environment},
  Year                     = {2007},
  Number                   = {4},
  Pages                    = {468--475},
  Volume                   = {110},

  File                     = {:A quantitative assessment of boundaries in automated forest stand delineation using very high resolution imagery.pdf:PDF},
  Publisher                = {Elsevier}
}

@Article{tiede2004object,
  Title                    = {Object-based semi automatic mapping of forest stands with Laser scanner and Multi-spectral data},
  Author                   = {Tiede, Dirk and Blaschke, Thomas and Heurich, Marco},
  Journal                  = {International Archives of Photogrammetry, Remote Sensing and Spatial Information Sciences},
  Year                     = {2004},
  Pages                    = {328--333},
  Volume                   = {36(8/W2)},
  Publisher                = {Citeseer}
}


@article{diedershagen2004automatic,
  title={Automatic segmentation and characterisation of forest stand parameters using airborne lidar data, multispectral and fogis data},
  author={Diedershagen, Oliver and Koch, Barbara and Weinacker, Holger},
  journal={International Archives of Photogrammetry, Remote Sensing and Spatial Information Sciences},
  volume={36(8/W2)},
  pages={208--212},
  year={2004},
  publisher={Citeseer}
}

@Article{leppanen2008automatic,
  Title                    = {Automatic delineation of forest stands from LIDAR data},
  Author                   = {Lepp{\"a}nen, VJ and Tokola, T and Maltamo, M and Meht{\"a}talo, L and Pusa, T and Mustonen, J},
  Journal                  = {International Archives of the Photogrammetry, Remote Sensing and Spatial Information Sciences 38(4/C1)},
  Year                     = {2008},
  Pages                    = {5--8},
}

@article{eysn2012forest,
  title={Forest delineation based on airborne LIDAR data},
  author={Eysn, Lothar and Hollaus, Markus and Schadauer, Klemens and Pfeifer, Norbert},
  journal={Remote Sensing},
  volume={4},
  number={3},
  pages={762--783},
  year={2012},
  publisher={Molecular Diversity Preservation International}
}

@article{sullivan2009object,
  title={Object-oriented classification of forest structure from light detection and ranging data for stand mapping},
  author={Sullivan, Alicia A and McGaughey, Robert J and Andersen, Hans-Erik and Schiess, Peter},
  journal={Western Journal of Applied Forestry},
  volume={24},
  number={4},
  pages={198--204},
  year={2009},
  publisher={Society of American Foresters}
}

@article{kolmogorov2007minimizing,
  title={Minimizing non-submodular functions with graph cuts-a review},
  author={Kolmogorov, Vladimir and Rother, Carsten},
  journal={IEEE Transactions on Pattern Analysis and Machine Intelligence},
  volume={29},
  number={7},
  pages={1274--1279},
  year={2007},
  publisher={IEEE}
}

@article{kolmogorov2004energy,
  title={What energy functions can be minimized via graph cuts?},
  author={Kolmogorov, Vladimir and Zabih, Ramin},
  journal={IEEE Transactions on Pattern Analysis and Machine Intelligence},
  volume={26},
  number={2},
  pages={147--159},
  year={2004},
  publisher={IEEE}
}


@article{khosravipour2014generating,
  title={Generating pit-free canopy height models from airborne lidar},
  author={Khosravipour, Anahita and Skidmore, Andrew K and Isenburg, Martin and Wang, Tiejun and Hussin, Yousif A},
  journal={Photogrammetric Engineering \& Remote Sensing},
  volume={80},
  number={9},
  pages={863--872},
  year={2014},
  publisher={American Society for Photogrammetry and Remote Sensing},
  File                     = {:Generating Pit-free Canopy Height Models from Airborne Lidar.pdf:PDF}
}

@article{libsvm,
  title={{LIBSVM}: A library for support vector machines},
  author={Chang, Chih-Chung and Lin, Chih-Jen},
  journal={ACM Transactions on Intelligent Systems and Technology},
  volume={2},
  number={3},
  pages={27},
  year={2011},
  publisher={ACM}
}

@book{opencv,
  title={Learning OpenCV: Computer vision with the OpenCV library},
  author={Bradski, Gary and Kaehler, Adrian},
  year={2008},
  publisher={" O'Reilly Media, Inc."}
}
@article{Mora20102474,
title = "Segment-constrained regression tree estimation of forest stand height from very high spatial resolution panchromatic imagery over a boreal environment ",
journal = "Remote Sensing of Environment ",
volume = "114",
number = "11",
pages = "2474 - 2484",
year = "2010",
author = "Brice Mora and Michael A. Wulder and Joanne C. White"
}


@article{mountrakis2011support,
  title={Support vector machines in remote sensing: a review},
  author={Mountrakis, Giorgos and Im, Jungho and Ogole, Caesar},
  journal={ISPRS Journal of Photogrammetry and Remote Sensing},
  volume={66},
  number={3},
  pages={247--259},
  year={2011},
  publisher={Elsevier}
}
@article{pal2005random,
  title={Random forest classifier for remote sensing classification},
  author={Pal, M},
  journal={International Journal of Remote Sensing},
  volume={26},
  number={1},
  pages={217--222},
  year={2005},
  publisher={Taylor \& Francis}
}
@article{Wulder2008,
  title={Towards automated segmentation of forest inventory polygons on high spatial resolution satellite imagery},
  author={Michael A Wulder and Joanne C White and Geoffrey J Hay and Guillermo Castilla },
  journal={The Forestry Chronicle},
  volume={84},
  number={2},
  pages={221--230},
  year={2008}
}

@inproceedings{volpi2015semantic,
  title={Semantic segmentation of urban scenes by learning local class interactions},
  author={Volpi, Michele and Ferrari, Vittorio},
  booktitle={Proceedings of the IEEE Conference on Computer Vision and Pattern Recognition Workshops},
  pages={1--9},
  address={Boston, MA, USA},
  year={2015}
}

@article{dalponte2015delineation,
  title={Delineation of Individual Tree Crowns from {ALS} and Hyperspectral data: a comparison among four methods},
  author={Dalponte, Michele and Reyes, Francesco and Kandare, Kaja and Gianelle, Damiano},
  journal={European Journal of Remote Sensing},
  volume={48},
  pages={365--382},
  year={2015}
}

@article{tochon2015use,
  title={On the use of binary partition trees for the tree crown segmentation of tropical rainforest hyperspectral images},
  author={Tochon, G and F{\'e}ret, JB and Valero, S and Martin, RE and Knapp, DE and Salembier, P and Chanussot, J and Asner, GP},
  journal={Remote Sensing of Environment},
  volume={159},
  pages={318--331},
  year={2015},
  publisher={Elsevier}
}

@article{means2000predicting,
  title={Predicting forest stand characteristics with airborne scanning lidar},
  author={Means, Joseph E and Acker, Steven A and Fitt, Brandon J and Renslow, Michael and Emerson, Lisa and Hendrix, Chad J},
  journal={Photogrammetric Engineering \& Remote Sensing},
  volume={66},
  number={11},
  pages={1367--1372},
  year={2000},
  publisher={AMERICAN SOCIETY FOR PHOTOGRAMMETRY \& REMOTE SENSING}
}

@article{naesset2002predicting,
  title={Predicting forest stand characteristics with airborne scanning laser using a practical two-stage procedure and field data},
  author={N{\ae}sset, Erik},
  journal={Remote Sensing of Environment},
  volume={80},
  number={1},
  pages={88--99},
  year={2002},
  publisher={Elsevier}
}

@article{tucker1979red,
  title={Red and photographic infrared linear combinations for monitoring vegetation},
  author={Tucker, Compton J},
  journal={Remote sensing of Environment},
  volume={8},
  number={2},
  pages={127--150},
  year={1979},
  publisher={Elsevier}
}


@article{bacour2006normalization,
  title={Normalization of the directional effects in {NOAA--AVHRR} reflectance measurements for an improved monitoring of vegetation cycles},
  author={Bacour, C{\'e}dric and Br{\'e}on, Fran{\c{c}}ois-Marie and Maignan, Fabienne},
  journal={Remote Sensing of Environment},
  volume={102},
  number={3},
  pages={402--413},
  year={2006},
  publisher={Elsevier}
}


@article{jordan1969derivation,
  title={Derivation of leaf-area index from quality of light on the forest floor},
  author={Jordan, Carl F},
  journal={Ecology},
  volume={50},
  number={4},
  pages={663--666},
  year={1969},
  publisher={JSTOR}
}

@inproceedings{du2012hyperspectral,
  title={Hyperspectral remote sensing image classification based on the integration of {S}upport {V}ector {M}achine and {R}andom {F}orest},
  author={Du, Peijun and Xia, Junshi and Chanussot, Jocelyn and He, Xiyan},
  booktitle={IEEE International Geoscience and Remote Sensing Symposium},
  pages={174--177},
  year={2012}
}

@article{kappes-2015-ijcv,
year={2015},
journal={International Journal of Computer Vision},
title={A Comparative Study of Modern Inference Techniques for Structured Discrete Energy Minimization Problems},
author={Kappes, J\"org H. and Andres, Bjoern and Hamprecht, Fred A. and Schn\"orr, Christoph and Nowozin, Sebastian and Batra, Dhruv and Kim, Sungwoong and Kausler, Bernhard X. and Kr\"oger, Thorben and Lellmann, Jan and Komodakis, Nikos and Savchynskyy, Bogdan and Rother, Carsten},
pages={1-30},
}

@inproceedings{torabzadeh2015optimal,
  title={Optimal structural and spectral features for tree species classification using combined airborne laser scanning and hyperspectral data},
  author={Torabzadeh, H and Leiterer, R and Schaepman, ME and Morsdorf, F},
  booktitle={Geoscience and Remote Sensing Symposium (IGARSS), 2015 IEEE International},
  pages={5399--5402},
  year={2015},
  address={Milano, Italy},
  organization={IEEE}
}
@inproceedings{tuia2016igarss,
  title={Getting pixels and regions to agree with conditional random fields},
  author={Tuia, D. and Volpi, M. and Moser, G.},
  booktitle={Geoscience and Remote Sensing Symposium (IGARSS), 2016 IEEE International},
  pages={5399--5402},
  year={2016},
  address={Beijing, China},
  organization={IEEE}
}


@Article{heinzel2012investigating,
  Title                    = {Investigating multiple data sources for tree species classification in temperate forest and use for single tree delineation},
  Author                   = {Heinzel, Johannes and Koch, Barbara},
  Journal                  = {International Journal of Applied Earth Observation and Geoinformation},
  Year                     = {2012},
  Pages                    = {101--110},
  Volume                   = {18},
  Publisher                = {Elsevier}
}

@book{Malatamo,
  title={Forest inventory: methodology and applications},
  author={Kangas, Annika and Maltamo, Matti},
  volume={10},
  year={2006},
  publisher={Springer Science \& Business Media}
}
@article{Orka20091163,
title = "Classifying species of individual trees by intensity and structure features derived from airborne laser scanner data ",
journal = "Remote Sensing of Environment ",
volume = "113",
number = "6",
pages = "1163 - 1174",
year = "2009",
note = "",
issn = "0034-4257",
author = "Hans Ole {\O}rka and Erik N{\ae}sset and Ole Martin Bollands{\r{a}}s",
keywords = "Airborne laser scanning",
keywords = "Intensity",
keywords = "Species classification",
keywords = "Spruce",
keywords = "Birch "
}


@article{White2016CJRS,
  title={Remote sensing technologies for enhancing forest inventories: A review},
  author={White, Joanne C and Coops, Nicholas C and Wulder, Michael A and Vastaranta, Mikko and Hilker, Thomas and Tompalski, Piotr},
  journal={Canadian Journal of Remote Sensing},
  volume={42},
  number={5},
  pages={619--641},
  year={2016},
  publisher={Taylor \& Francis}
}



@article{Desclee20061,
title = "Forest change detection by statistical object-based method ",
journal = "Remote Sensing of Environment ",
volume = "102",
number = "1–2",
pages = "1 - 11",
year = "2006",
author = "Baudouin Desclée and Patrick Bogaert and Pierre Defourny"
}

@article{Kim09,
title = "Forest Type Mapping using Object-specific Texture Measures from Multispectral {I}konos Imagery: Segmentation Quality and Image Classification Issues",
journal = "Photogrammetric Engineering \& Remote Sensing",
volume = "75",
number = "7",
pages = "819-829",
year = "2009",
author = "M. Kim and M. Madden and T.A. Warner"
}

@article{Kaartinen,
  title={An international comparison of individual tree detection and extraction using airborne laser scanning},
  author={Kaartinen, Harri and Hyypp{\"a}, Juha and Yu, Xiaowei and Vastaranta, Mikko and Hyypp{\"a}, Hannu and Kukko, Antero and Holopainen, Markus and Heipke, Christian and Hirschmugl, Manuela and Morsdorf, Felix and N{\ae}sset, Erik and Pitk{\ä}nen Juho and Popescu, Sorin and Solberg, Svein and Wolf, Bernd Michael and Wu, Jee-Cheng},
  journal={Remote Sensing},
  volume={4},
  number={4},
  pages={950--974},
  year={2012},
  publisher={Molecular Diversity Preservation International}
}

@article{pudil1994floating,
  title={Floating search methods in feature selection},
  author={Pudil, Pavel and Novovi{\v{c}}ov{\'a}, Jana and Kittler, Josef},
  journal={Pattern Recognition Letters},
  volume={15},
  number={11},
  pages={1119--1125},
  year={1994},
  publisher={Elsevier}
}

@Article{dechesne2016forest,
  Title                    = {Forest stand segmentation using airborne lidar data and very high resolution multispectral imagery},
  Author                   = {Dechesne, C and Mallet, C and Le Bris, A and Gouet-Brunet, V and Hervieu, A},
  Journal                  = {International Archives of the Photogrammetry, Remote Sensing and Spatial Information Sciences, 41-B3},
  Year                     = {2016},
  pages={207--214}
}

@article{hovi2016lidar,
  title={LiDAR waveform features for tree species classification and their sensitivity to tree-and acquisition related parameters},
  author={Hovi, A and Korhonen, L and Vauhkonen, J and Korpela, I},
  journal={Remote Sensing of Environment},
  volume={173},
  pages={224--237},
  year={2016},
  publisher={Elsevier}
}

@article{verger2016vegetation,
  title={Vegetation baseline phenology from kilometric global {LAI} satellite products},
  author={Verger, Aleixandre and Filella, Iolanda and Baret, Fr{\'e}d{\'e}ric and Pe{\~n}uelas, Josep},
  journal={Remote Sensing of Environment},
  volume={178},
  pages={1--14},
  year={2016},
  publisher={Elsevier}
}

@article{zargar2011review,
  title={A review of drought indices},
  author={Zargar, Amin and Sadiq, Rehan and Naser, Bahman and Khan, Faisal I},
  journal={Environmental Reviews},
  volume={19},
  pages={333--349},
  year={2011},
  publisher={NRC Research Press}
}

@article{schindler2012overview,
  title={An overview and comparison of smooth labeling methods for land-cover classification},
  author={Schindler, Konrad},
  journal={IEEE Transactions on Geoscience and Remote Sensing},
  volume={50},
  number={11},
  pages={4534--4545},
  year={2012},
  publisher={IEEE}
}

@article{belgiu2016random,
  title={Random Forest in remote sensing: A review of applications and future directions},
  author={Belgiu, Mariana and Dr{\u{a}}gu{\c{t}}, Lucian},
  journal={ISPRS Journal of Photogrammetry and Remote Sensing},
  volume={114},
  pages={24--31},
  year={2016},
  publisher={Elsevier}
}

@article{souchon2012large,
  title={A large format camera system for national mapping purposes},
  author={Souchon, Jean-Philippe and Thom, Christian and Meynard, Christophe and Martin, Olivier},
  journal={Revue Fran{\c{c}}aise de Photogramm{\'e}trie et de T{\'e}l{\'e}d{\'e}tection},
  number={200},
  pages={48--53},
  year={2012},
  publisher={Soci{\'e}t{\'e} fran{\c{c}}aise de photogramm{\'e}trie et de t{\'e}l{\'e}d{\'e}tection}
}

@article{breiman2001random,
  title={Random forests},
  author={Breiman, Leo},
  journal={Machine learning},
  volume={45},
  number={1},
  pages={5--32},
  year={2001},
  publisher={Springer}
}

@article{chehata2009graph,
  title={A graph cut optimization guided by 3D-features for surface height recovery},
  author={Chehata, N and Jung, F and Stamon, G},
  journal={ISPRS Journal of Photogrammetry and Remote Sensing},
  volume={64},
  number={2},
  pages={193--203},
  year={2009},
  publisher={Elsevier}
}

@article{yang2016automatic,
  title={Automatic Forest Mapping at Individual Tree Levels from Terrestrial Laser Scanning Point Clouds with a Hierarchical Minimum Cut Method},
  author={Yang, Bisheng and Dai, Wenxia and Dong, Zhen and Liu, Yang},
  journal={Remote Sensing},
  volume={8},
  number={5},
  pages={372},
  year={2016},
  publisher={Multidisciplinary Digital Publishing Institute}
}

@inproceedings{golovinskiy2009min,
  title={Min-cut based segmentation of point clouds},
  author={Golovinskiy, Aleksey and Funkhouser, Thomas},
  booktitle={Computer Vision Workshops (ICCV Workshops), 2009 IEEE 12th International Conference on},
  pages={39--46},
  year={2009},
  organization={IEEE}
}

@article{reitberger20093d,
  title={3D segmentation of single trees exploiting full waveform LIDAR data},
  author={Reitberger, Josef and Schn{\"o}rr, Cl and Krzystek, Peter and Stilla, Uwe},
  journal={ISPRS Journal of Photogrammetry and Remote Sensing},
  volume={64},
  number={6},
  pages={561--574},
  year={2009},
  publisher={Elsevier}
}


@article{Mallet2011S71,
title = "Relevance assessment of full-waveform lidar data for urban area classification",
journal = "{ISPRS} Journal of Photogrammetry and Remote Sensing ",
volume = "66",
number = "6",
pages = "S71-S84",
year = "2011",
author = "Clément Mallet and Frédéric Bretar and Michel Roux and Uwe Soergel and Christian Heipke"
}

@article{Martin,
  title={Reconstruction and Analysis of 3D Scenes},
  author={Weinmann, Martin},
  journal={Springer International Publishing, Cham. doi},
  volume={10},
  pages={978--3},
  year={2016},
  publisher={Springer}
}

@article{vauhkonen2010imputation,
  title={Imputation of single-tree attributes using airborne laser scanning-based height, intensity, and alpha shape metrics},
  author={Vauhkonen, Jari and Korpela, Ilkka and Maltamo, Matti and Tokola, Timo},
  journal={Remote Sensing of Environment},
  volume={114},
  number={6},
  pages={1263--1276},
  year={2010},
  publisher={Elsevier}
}

@article{clement_IJPRS,
  title={Semantic segmentation of forest stands of pure species combining airborne lidar data and very high resolution multispectral imagery},
  author={Dechesne, Cl{\'e}ment and Mallet, Cl{\'e}ment and Le Bris, Arnaud and Gouet-Brunet, Val{\'e}rie},
  journal={ISPRS Journal of Photogrammetry and Remote Sensing},
  volume={126},
  pages={129--145},
  year={2017},
  publisher={Elsevier}
}

@ARTICLE{not_cited_7500049,
author={J. Lee and X. Cai and J. Lellmann and M. Dalponte and Y. Malhi and N. Butt and M. Morecroft and C. B. Schönlieb and D. A. Coomes},
journal={IEEE Journal of Selected Topics in Applied Earth Observations and Remote Sensing},
title={Individual Tree Species Classification From Airborne Multisensor Imagery Using Robust PCA},
year={2016},
volume={9},
number={6},
pages={2554-2567},
doi={10.1109/JSTARS.2016.2569408},
ISSN={1939-1404},
}

@ARTICLE{7500049,
author={J. Lee and X. Cai and J. Lellmann and M. Dalponte and Y. Malhi and N. Butt and M. Morecroft and C. B. Schönlieb and D. A. Coomes},
journal={IEEE Journal of Selected Topics in Applied Earth Observations and Remote Sensing},
title={Individual Tree Species Classification From Airborne Multisensor Imagery Using Robust PCA},
year={2016},
volume={9},
number={6},
pages={2554-2567},
ISSN={1939-1404},
}

@article{habib2005photogrammetric,
  title={Photogrammetric and LiDAR data registration using linear features},
  author={Habib, Ayman and Ghanma, Mwafag and Morgan, Michel and Al-Ruzouq, Rami},
  journal={Photogrammetric Engineering \& Remote Sensing},
  volume={71},
  number={6},
  pages={699--707},
  year={2005},
  publisher={American Society for Photogrammetry and Remote Sensing}
}

@inproceedings{mastin2009automatic,
  title={Automatic registration of LIDAR and optical images of urban scenes},
  author={Mastin, Andrew and Kepner, Jeremy and Fisher, John},
  booktitle={Computer Vision and Pattern Recognition, 2009. CVPR 2009. IEEE Conference on},
  pages={2639--2646},
  year={2009},
  organization={IEEE}
}

@article{lempriere2008importance,
  title={The importance of forest sector adaptation to climate change},
  author={Lempri{\`e}re, TC and Bernier, PY and Carroll, AL and Flannigan, MD and Gilsenan, RP and McKenney, DW and Hogg, EH and Pedlar, JH and Blain, D and others},
  journal={Nat. Resour. Can., Can. For. Serv., North. For. Cent., Edmonton, AB. Inf. Rep. NOR-X-416E},
  year={2008}
}

@article{fahey2010forest,
  title={Forest carbon storage: ecology, management, and policy},
  author={Fahey, Timothy J and Woodbury, Peter B and Battles, John J and Goodale, Christine L and Hamburg, Steven P and Ollinger, Scott V and Woodall, Christopher W},
  journal={Frontiers in Ecology and the Environment},
  volume={8},
  number={5},
  pages={245--252},
  year={2010},
  publisher={Wiley Online Library}
}

@book{smith2012air,
  title={Air pollution and forests: interactions between air contaminants and forest ecosystems},
  author={Smith, William H},
  year={2012},
  publisher={Springer Science \& Business Media}
}

@article{pommerening2002approaches,
  title={Approaches to quantifying forest structures},
  author={Pommerening, Arne},
  journal={Forestry: An International Journal of Forest Research},
  volume={75},
  number={3},
  pages={305--324},
  year={2002},
  publisher={Oxford University Press}
}

@inproceedings{gressin2014updating,
  title={Updating the new French national land cover database},
  author={Gressin, Adrien and Mallet, Cl{\'e}ment and Vincent, Nicole and Paparoditis, Nicolas},
  booktitle={Geoscience and Remote Sensing Symposium (IGARSS), 2014 IEEE International},
  pages={3534--3537},
  year={2014},
  organization={IEEE}
}

@inproceedings{gressin2013updating,
  title={Updating land cover databases using a single very high resolution satellite image},
  author={Gressin, Adrien and Mallet, Cl{\'e}ment and Vincent, Nicole and Paparoditis, Nicolas},
  booktitle={The ISPRS Workshop on Image Sequence Analysis},
  volume={2},
  number={3},
  pages={13--18},
  year={2013}
}

@inproceedings{gressin2014unified,
  title={A unified framework for land-cover database update and enrichment using satellite imagery},
  author={Gressin, Adrien and Vincent, Nicole and Mallet, Cl{\'e}ment and Paparoditis, Nicolas},
  booktitle={Image Processing (ICIP), 2014 IEEE International Conference on},
  pages={5057--5061},
  year={2014},
  organization={IEEE}
}

@article{smith1977database,
  title={Database abstractions: aggregation and generalization},
  author={Smith, John Miles and Smith, Diane CP},
  journal={ACM Transactions on Database Systems (TODS)},
  volume={2},
  number={2},
  pages={105--133},
  year={1977},
  publisher={ACM}
}

@article{pal1993review,
  title={A review on image segmentation techniques},
  author={Pal, Nikhil R and Pal, Sankar K},
  journal={Pattern recognition},
  volume={26},
  number={9},
  pages={1277--1294},
  year={1993},
  publisher={Elsevier}
}

@article{taxt1989segmentation,
  title={Segmentation of document images},
  author={Taxt, Torfinn and Flynn, Patrick J and Jain, Anil K},
  journal={IEEE Transactions on Pattern Analysis and Machine Intelligence},
  volume={11},
  number={12},
  pages={1322--1329},
  year={1989},
  publisher={IEEE}
}

@article{yanowitz1989new,
  title={A new method for image segmentation},
  author={Yanowitz, Shimon D and Bruckstein, Alfred M},
  journal={Computer Vision, Graphics, and Image Processing},
  volume={46},
  number={1},
  pages={82--95},
  year={1989},
  publisher={Elsevier}
}

@article{hansen1982image,
  title={Image segmentation using simple Markov field models},
  author={Hansen, FR and Elliott, Howard},
  journal={Computer Graphics and Image Processing},
  volume={20},
  number={2},
  pages={101--132},
  year={1982},
  publisher={Elsevier}
}

@article{derin1987modeling,
  title={Modeling and segmentation of noisy and textured images using Gibbs random fields},
  author={Derin, Haluk and Elliott, Howard},
  journal={IEEE Transactions on pattern analysis and machine intelligence},
  number={1},
  pages={39--55},
  year={1987},
  publisher={IEEE}
}

@article{ghosh1991image,
  title={Image segmentation using a neural network},
  author={Ghosh, Ashish and Pal, Nikhil R and Pal, Sankar K},
  journal={Biological Cybernetics},
  volume={66},
  number={2},
  pages={151--158},
  year={1991},
  publisher={Springer Berlin/Heidelberg}
}

@article{besl1988segmentation,
  title={Segmentation through variable-order surface fitting},
  author={Besl, Paul J. and Jain, Ramesh C},
  journal={IEEE Transactions on Pattern Analysis and Machine Intelligence},
  volume={10},
  number={2},
  pages={167--192},
  year={1988},
  publisher={IEEE}
}

@article{peli1982study,
  title={A study of edge detection algorithms},
  author={Peli, Tamar and Malah, David},
  journal={Computer graphics and image processing},
  volume={20},
  number={1},
  pages={1--21},
  year={1982},
  publisher={Elsevier}
}

@article{achanta2012slic,
  title={SLIC superpixels compared to state-of-the-art superpixel methods},
  author={Achanta, Radhakrishna and Shaji, Appu and Smith, Kevin and Lucchi, Aurelien and Fua, Pascal and S{\"u}sstrunk, Sabine},
  journal={IEEE transactions on pattern analysis and machine intelligence},
  volume={34},
  number={11},
  pages={2274--2282},
  year={2012},
  publisher={IEEE}
}

@article{shi2000normalized,
  title={Normalized cuts and image segmentation},
  author={Shi, Jianbo and Malik, Jitendra},
  journal={IEEE Transactions on pattern analysis and machine intelligence},
  volume={22},
  number={8},
  pages={888--905},
  year={2000},
  publisher={Ieee}
}

@article{felzenszwalb2004efficient,
  title={Efficient graph-based image segmentation},
  author={Felzenszwalb, Pedro F and Huttenlocher, Daniel P},
  journal={International journal of computer vision},
  volume={59},
  number={2},
  pages={167--181},
  year={2004},
  publisher={Springer}
}

@article{comaniciu2002mean,
  title={Mean shift: A robust approach toward feature space analysis},
  author={Comaniciu, Dorin and Meer, Peter},
  journal={IEEE Transactions on pattern analysis and machine intelligence},
  volume={24},
  number={5},
  pages={603--619},
  year={2002},
  publisher={IEEE}
}

@article{vedaldi2008quick,
  title={Quick shift and kernel methods for mode seeking},
  author={Vedaldi, Andrea and Soatto, Stefano},
  journal={Computer vision--ECCV 2008},
  pages={705--718},
  year={2008},
  publisher={Springer}
}

@article{vincent1991watersheds,
  title={Watersheds in digital spaces: an efficient algorithm based on immersion simulations},
  author={Vincent, Luc and Soille, Pierre},
  journal={IEEE Transactions on Pattern Analysis \& Machine Intelligence},
  number={6},
  pages={583--598},
  year={1991},
  publisher={IEEE}
}

@inproceedings{moore2008superpixel,
  title={Superpixel lattices},
  author={Moore, Alastair P and Prince, Simon JD and Warrell, Jonathan and Mohammed, Umar and Jones, Graham},
  booktitle={Computer Vision and Pattern Recognition, 2008. CVPR 2008. IEEE Conference on},
  pages={1--8},
  year={2008},
  organization={IEEE}
}

@article{veksler2010superpixels,
  title={Superpixels and supervoxels in an energy optimization framework},
  author={Veksler, Olga and Boykov, Yuri and Mehrani, Paria},
  journal={Computer Vision--ECCV 2010},
  pages={211--224},
  year={2010},
  publisher={Springer}
}

@article{levinshtein2009turbopixels,
  title={Turbopixels: Fast superpixels using geometric flows},
  author={Levinshtein, Alex and Stere, Adrian and Kutulakos, Kiriakos N and Fleet, David J and Dickinson, Sven J and Siddiqi, Kaleem},
  journal={IEEE transactions on pattern analysis and machine intelligence},
  volume={31},
  number={12},
  pages={2290--2297},
  year={2009},
  publisher={IEEE}
}

@inproceedings{nguyen20133d,
  title={3D point cloud segmentation: A survey},
  author={Nguyen, Anh and Le, Bac},
  booktitle={Robotics, Automation and Mechatronics (RAM), 2013 6th IEEE Conference on},
  pages={225--230},
  year={2013},
  organization={IEEE}
}


@article{vega2014ptrees,
  title={PTrees: A point-based approach to forest tree extraction from lidar data},
  author={V{\'e}ga, C{\'e}dric and Hamrouni, A and El Mokhtari, S and Morel, J and Bock, J and Renaud, J-P and Bouvier, M and Durrieu, Sylvie},
  journal={International Journal of Applied Earth Observation and Geoinformation},
  volume={33},
  pages={98--108},
  year={2014},
  publisher={Elsevier}
}

@inproceedings{kandare2014new,
  title={A new procedure for identifying single trees in understory layer using discrete LiDAR data},
  author={Kandare, Kaja and Dalponte, Michele and Gianelle, Damiano and Chan, Jonathan Cheung-Wai},
  booktitle={Geoscience and Remote Sensing Symposium (IGARSS), 2014 IEEE International},
  pages={1357--1360},
  year={2014},
  organization={IEEE}
}

@book{landgrebe2005signal,
  title={Signal theory methods in multispectral remote sensing},
  author={Landgrebe, David A},
  volume={29},
  year={2005},
  publisher={John Wiley \& Sons}
}

@article{lu2007survey,
  title={A survey of image classification methods and techniques for improving classification performance},
  author={Lu, Dengsheng and Weng, Qihao},
  journal={International journal of Remote sensing},
  volume={28},
  number={5},
  pages={823--870},
  year={2007},
  publisher={Taylor \& Francis}
}

@book{mather2016classification,
  title={Classification methods for remotely sensed data},
  author={Mather, Paul and Tso, Brandt},
  year={2016},
  publisher={CRC press}
}

@article{strahler1980use,
  title={The use of prior probabilities in maximum likelihood classification of remotely sensed data},
  author={Strahler, Alan H},
  journal={Remote sensing of Environment},
  volume={10},
  number={2},
  pages={135--163},
  year={1980},
  publisher={Elsevier}
}

@article{fauvel2015fast,
  title={Fast forward feature selection of hyperspectral images for classification with Gaussian mixture models},
  author={Fauvel, Mathieu and Dechesne, Cl{\'e}ment and Zullo, Anthony and Ferraty, Frederic},
  journal={IEEE Journal of Selected Topics in Applied Earth Observations and Remote Sensing},
  volume={8},
  number={6},
  pages={2824--2831},
  year={2015},
  publisher={IEEE}
}

@article{trias2005high,
  title={A high-reliability, high-resolution method for land cover classification into forest and non-forest},
  author={Trias-Sanz, Roger and Boldo, Didier},
  journal={Image Analysis},
  pages={417--441},
  year={2005},
  publisher={Springer}
}

@inproceedings{boser1992training,
  title={A training algorithm for optimal margin classifiers},
  author={Boser, Bernhard E and Guyon, Isabelle M and Vapnik, Vladimir N},
  booktitle={Proceedings of the fifth annual workshop on Computational learning theory},
  pages={144--152},
  year={1992},
  organization={ACM}
}

@book{scholkopf2001learning,
  title={Learning with kernels: support vector machines, regularization, optimization, and beyond},
  author={Scholkopf, Bernhard and Smola, Alexander J},
  year={2001},
  publisher={MIT press}
}


@article{hepner1990artificial,
  title={Artificial neural network classification using a minimal training set- Comparison to conventional supervised classification},
  author={Hepner, Georgef and Logan, Thomas and Ritter, Niles and Bryant, Nevin},
  journal={Photogrammetric Engineering and Remote Sensing},
  volume={56},
  number={4},
  pages={469--473},
  year={1990}
}

@article{atkinson1997mapping,
  title={Mapping sub-pixel proportional land cover with AVHRR imagery},
  author={Atkinson, PM and Cutler, MEJ and Lewis, H},
  journal={International Journal of Remote Sensing},
  volume={18},
  number={4},
  pages={917--935},
  year={1997},
  publisher={Taylor \& Francis}
}

@inproceedings{indyk1998approximate,
  title={Approximate nearest neighbors: towards removing the curse of dimensionality},
  author={Indyk, Piotr and Motwani, Rajeev},
  booktitle={Proceedings of the thirtieth annual ACM symposium on Theory of computing},
  pages={604--613},
  year={1998},
  organization={ACM}
}

@book{breiman1984classification,
  title={Classification and regression trees},
  author={Breiman, Leo and Friedman, Jerome and Stone, Charles J and Olshen, Richard A},
  year={1984},
  publisher={CRC press}
}

@article{paola1995review,
  title={A review and analysis of backpropagation neural networks for classification of remotely-sensed multi-spectral imagery},
  author={Paola, JD and Schowengerdt, RA},
  journal={International Journal of remote sensing},
  volume={16},
  number={16},
  pages={3033--3058},
  year={1995},
  publisher={Taylor \& Francis}
}

@article{foody2002status,
  title={Status of land cover classification accuracy assessment},
  author={Foody, Giles M},
  journal={Remote sensing of environment},
  volume={80},
  number={1},
  pages={185--201},
  year={2002},
  publisher={Elsevier}
}

@book{camps2009kernel,
  title={Kernel methods for remote sensing data analysis},
  author={Camps-Valls, Gustau and Bruzzone, Lorenzo},
  year={2009},
  publisher={John Wiley \& Sons}
}

@article{gislason2006random,
  title={Random forests for land cover classification},
  author={Gislason, Pall Oskar and Benediktsson, Jon Atli and Sveinsson, Johannes R},
  journal={Pattern Recognition Letters},
  volume={27},
  number={4},
  pages={294--300},
  year={2006},
  publisher={Elsevier}
}

@article{strobl2007bias,
  title={Bias in random forest variable importance measures: Illustrations, sources and a solution},
  author={Strobl, Carolin and Boulesteix, Anne-Laure and Zeileis, Achim and Hothorn, Torsten},
  journal={BMC bioinformatics},
  volume={8},
  number={1},
  pages={25},
  year={2007},
  publisher={BioMed Central}
}

@article{hughes1968mean,
  title={On the mean accuracy of statistical pattern recognizers},
  author={Hughes, Gordon},
  journal={IEEE transactions on information theory},
  volume={14},
  number={1},
  pages={55--63},
  year={1968},
  publisher={IEEE}
}

@book{bellman2015adaptive,
  title={Adaptive control processes: a guided tour},
  author={Bellman, Richard E},
  year={2015},
  publisher={Princeton university press}
}

@incollection{jolliffe2011principal,
  title={Principal component analysis},
  author={Jolliffe, Ian},
  booktitle={International encyclopedia of statistical science},
  pages={1094--1096},
  year={2011},
  publisher={Springer}
}

@inproceedings{cheriyadat2003principal,
  title={Why principal component analysis is not an appropriate feature extraction method for hyperspectral data},
  author={Cheriyadat, Anil and Bruce, L Mann},
  booktitle={Geoscience and Remote Sensing Symposium, 2003. IGARSS'03. Proceedings. 2003 IEEE International},
  volume={6},
  pages={3420--3422},
  year={2003},
  organization={IEEE}
}

@article{jutten1991blind,
  title={Blind separation of sources, part I: An adaptive algorithm based on neuromimetic architecture},
  author={Jutten, Christian and Herault, Jeanny},
  journal={Signal processing},
  volume={24},
  number={1},
  pages={1--10},
  year={1991},
  publisher={Elsevier}
}

@article{larsen2002decomposition,
  title={Decomposition using maximum autocorrelation factors},
  author={Larsen, Rasmus},
  journal={Journal of Chemometrics},
  volume={16},
  number={8-10},
  pages={427--435},
  year={2002},
  publisher={Wiley Online Library}
}

@article{fisher1936use,
  title={The use of multiple measurements in taxonomic problems},
  author={Fisher, Ronald A},
  journal={Annals of human genetics},
  volume={7},
  number={2},
  pages={179--188},
  year={1936},
  publisher={Wiley Online Library}
}

@article{lebart1997multidimensional,
  title={Multidimensional exploratory statistics},
  author={Lebart, L and Morineau, A and Piron, Mr},
  journal={Par{\'\i}s: Ed. Dunod},
  year={1997}
}

@article{marill1963effectiveness,
  title={On the effectiveness of receptors in recognition systems},
  author={Marill, Thomas and Green, D},
  journal={IEEE transactions on Information Theory},
  volume={9},
  number={1},
  pages={11--17},
  year={1963},
  publisher={IEEE}
}

@article{whitney1971direct,
  title={A direct method of nonparametric measurement selection},
  author={Whitney, A Wayne},
  journal={IEEE Transactions on Computers},
  volume={100},
  number={9},
  pages={1100--1103},
  year={1971},
  publisher={IEEE}
}

@article{kittler1978feature,
  title={Feature set search algorithms},
  author={Kittler, Josef},
  journal={Pattern recognition and signal processing},
  year={1978},
  publisher={Sijthoff and Noordhoff}
}

@inproceedings{liu1997feature,
  title={Feature selection and classification-a probabilistic wrapper approach},
  author={Liu, Huan and Setiono, Rudy},
  booktitle={Proceedings of 9th International Conference on Industrial and Engineering Applications of AI and ES},
  pages={419--424},
  year={1997}
}

@article{goldberg1989genetic,
  title={Genetic algorithms in search, optimization, and machine learning, 1989},
  author={Goldberg, David E},
  journal={Reading: Addison-Wesley},
  year={1989}
}

@article{Gab_MRF,
author={Moser, G. and Serpico, S.B. and Benediktsson, J.A.},
journal={Proceedings of the IEEE},
title={Land-Cover Mapping by {M}arkov Modeling of Spatial Contextual Information in Very-High-Resolution Remote Sensing Images},
year={2013},
volume={101},
number={3},
pages={631-651},
}

@article{DRF,
author="Kumar, S. and Hebert, M.",
title="Discriminative random fields.",
journal="International Journal of Computer Vision",
year="2006",
volume="68",
number="2",
pages="179-201"
}

@article{ijcv_kohli09,
year={2009},
issn={0920-5691},
journal={International Journal of Computer Vision},
volume={82},
number={3},
title={Robust Higher Order Potentials for Enforcing Label Consistency},
author={Kohli, Pushmeet and Ladick{\'y}, {\v{L}}. and Torr, P.},
pages={302-324},
language={English}
}

@article{Ladicky2012,
author="Ladick{\'y}, {\v{L}}ubor and Russell, Chris and Kohli, Pushmeet and Torr, Philip ",
title="Inference Methods for {CRF}s with Co-occurrence Statistics",
journal="International Journal of Computer Vision",
year="2012",
volume="103",
number="2",
pages="213-225"
}

@article{CNN_CRF,
  author    = {Alexander Kirillov and Dmitrij Schlesinger and Walter Forkel and Anatoly Zelenin and Shuai Zheng and Philip Torr and Carsten Rother},
  title     = {A Generic {CNN}-{CRF} Model for Semantic Segmentation},
  journal   = {arxiv:1511.05067},
  year      = {2015}
}

@article{isprs-archives-XLI-B4-11-2016,
AUTHOR = {Albert, L. and Rottensteiner, F. and Heipke, C.},
TITLE = {Contextual land use classification: How detailed can the class structure be?},
JOURNAL = {International Archives of the Photogrammetry, Remote Sensing and Spatial Information Sciences},
VOLUME = {XLI-B4},
YEAR = {2016},
PAGES = {11--18}
}

@inproceedings{Lucchi_ICCV2011,
author = {A. Lucchi and Y. Li and X. Boix and K.Smith and P. Fua},
title = {Are Spatial and Global Constraints Really Necessary for Segmentation?},
booktitle = {Proc. of ICCV},
pages={9-16},
year = {2011}
}

@article{Gong198933,
title = "Performance analyses of probabilistic relaxation methods for land-cover classification",
journal = "Remote Sensing of Environment",
volume = "30",
number = "1",
pages = "33-42",
year = "1989",
author = "P. Gong and P.J. Howarth"
}

@article{guigues2006scale,
  title={Scale-sets image analysis},
  author={Guigues, L. and Cocquerez, J.-P. and Le Men, H.},
  journal={IJCV},
  volume={68},
  number={3},
  pages={289--317},
  year={2006},
  publisher={Springer}
}

@InProceedings{VolpiCVPR2015,
	title = "Semantic segmentation of urban scenes by learning local class interactions",
	author = "Volpi, M. and Ferrari, V.",
	booktitle = {Proc. of CVPR Workshops},
	pages="1-9",
	year      = {2015}
}

@phdthesis{john1997enhancements,
  title={Enhancements to the data mining process},
  author={John, George H},
  year={1997},
  school={stanford university Ph. D. thesis}
}

@article{kohavi1997wrappers,
  title={Wrappers for feature subset selection},
  author={Kohavi, Ron and John, George H},
  journal={Artificial intelligence},
  volume={97},
  number={1-2},
  pages={273--324},
  year={1997},
  publisher={Elsevier}
}

@article{tuia2009classification,
  title={Classification of very high spatial resolution imagery using mathematical morphology and support vector machines},
  author={Tuia, Devis and Pacifici, Fabio and Kanevski, Mikhail and Emery, William J},
  journal={IEEE Transactions on Geoscience and Remote Sensing},
  volume={47},
  number={11},
  pages={3866--3879},
  year={2009},
  publisher={IEEE}
}

@book{schuck2002compilation,
  title={Compilation of forestry terms and definitions},
  author={Schuck, Andreas and P{\"a}ivinen, Risto and Hyt{\"o}nen, Tuomo and Pajari, Brita},
  year={2002},
  publisher={European Forest Institute}
}

@book{achard2009vital,
  title={Vital forest graphics},
  author={Achard, Fr{\'e}d{\'e}ric},
  year={2009},
  publisher={UNEP/Earthprint}
}

@article{pan2013structure,
  title={The structure, distribution, and biomass of the world's forests},
  author={Pan, Yude and Birdsey, Richard A and Phillips, Oliver L and Jackson, Robert B},
  journal={Annual Review of Ecology, Evolution, and Systematics},
  volume={44},
  pages={593--622},
  year={2013},
  publisher={Annual Reviews}
}

@article{vogt2006global,
  title={Global societies and forest legacies creating today's forest landscapes.},
  author={Vogt, Kristina A and Honea, JM and Vogt, DJ and Patel-Weynand, T and Edmonds, RL and Sigurdardottir, R and Briggs, DG and Andreu, MG and others},
  journal={Forests and society: sustainability and life cycles of forests in human landscapes},
  pages={30--59},
  year={2006},
  publisher={CABI}
}

@book{sterrett1994alternative,
  title={Alternative fuels and the environment},
  author={Sterrett, Frances S},
  year={1994},
  publisher={CRC Press}
}

@book{thelandersson2003timber,
  title={Timber engineering},
  author={Thelandersson, Sven and Larsen, Hans J},
  year={2003},
  publisher={John Wiley \& Sons}
}

@article{ramage2017wood,
  title={The wood from the trees: The use of timber in construction},
  author={Ramage, Michael H and Burridge, Henry and Busse-Wicher, Marta and Fereday, George and Reynolds, Thomas and Shah, Darshil U and Wu, Guanglu and Yu, Li and Fleming, Patrick and Densley-Tingley, Danielle and others},
  journal={Renewable and Sustainable Energy Reviews},
  volume={68},
  pages={333--359},
  year={2017},
  publisher={Elsevier}
}

@article{lim2003lidar,
  title={LiDAR remote sensing of forest structure},
  author={Lim, Kevin and Treitz, Paul and Wulder, Michael and St-Onge, Beno{\^\i}t and Flood, Martin},
  journal={Progress in physical geography},
  volume={27},
  number={1},
  pages={88--106},
  year={2003},
  publisher={Sage Publications Sage CA: Thousand Oaks, CA}
}

@book{vosselman2010airborne,
  title={Airborne and terrestrial laser scanning},
  author={Vosselman, George and Maas, Hans-Gerd},
  year={2010},
  publisher={CRC Press}
}

@book{shan2008topographic,
  title={Topographic laser ranging and scanning: principles and processing},
  author={Shan, Jie and Toth, Charles K},
  year={2008},
  publisher={CRC press}
}

@inproceedings{ullrich2016linear,
  title={Linear LIDAR versus Geiger-mode LIDAR: impact on data properties and data quality},
  author={Ullrich, A and Pfennigbauer, M},
  booktitle={SPIE Defense+ Security},
  pages={983204--983204},
  year={2016},
  organization={International Society for Optics and Photonics}
}

@article{brandtberg2007classifying,
  title={Classifying individual tree species under leaf-off and leaf-on conditions using airborne lidar},
  author={Brandtberg, Tomas},
  journal={ISPRS Journal of Photogrammetry and Remote Sensing},
  volume={61},
  number={5},
  pages={325--340},
  year={2007},
  publisher={Elsevier}
}

@phdthesis{trias2006semi,
  title={Semi-automatic rural land cover classification from high-resolution remote sensing images},
  author={Trias-Sanz, Roger},
  year={2006},
  school={PhD thesis, Universit{\'e} Paris 5}
}

@misc{baatz2004method,
  title={Method of iterative segmentation of a digital picture},
  author={Baatz, Martin and Binnig, Gerd and Eschenbacher, Peter and Melchinger, Andreas and Sogtrop, Michael},
  year={2004},
  publisher={Google Patents},
  note={US Patent 6,832,002}
}

@inproceedings{dean2012large,
  title={Large scale distributed deep networks},
  author={Dean, Jeffrey and Corrado, Greg and Monga, Rajat and Chen, Kai and Devin, Matthieu and Mao, Mark and Senior, Andrew and Tucker, Paul and Yang, Ke and Le, Quoc V and others},
  booktitle={Advances in neural information processing systems},
  pages={1223--1231},
  year={2012}
}

@article{moritz2015sparknet,
  title={Sparknet: Training deep networks in spark},
  author={Moritz, Philipp and Nishihara, Robert and Stoica, Ion and Jordan, Michael I},
  journal={arXiv preprint arXiv:1511.06051},
  year={2015}
}

@article{bruzzone2000technique,
  title={A technique for feature selection in multiclass problems},
  author={Bruzzone, Lorenzo and Serpico, Sebastiano B},
  journal={International Journal of Remote Sensing},
  volume={21},
  number={3},
  pages={549--563},
  year={2000},
  publisher={Taylor \& Francis}
}

@article{herold2003spectral,
  title={Spectral resolution requirements for mapping urban areas},
  author={Herold, Martin and Gardner, Margaret E and Roberts, Dar A},
  journal={IEEE Transactions on Geoscience and remote sensing},
  volume={41},
  number={9},
  pages={1907--1919},
  year={2003},
  publisher={IEEE}
}

@article{de2005band,
  title={A band selection technique for spectral classification},
  author={De Backer, Steve and Kempeneers, Pieter and Debruyn, Walter and Scheunders, Paul},
  journal={IEEE geoscience and remote sensing letters},
  volume={2},
  number={3},
  pages={319--323},
  year={2005},
  publisher={IEEE}
}

@article{serpico2007extraction,
  title={Extraction of spectral channels from hyperspectral images for classification purposes},
  author={Serpico, Sebastiano B and Moser, Gabriele},
  journal={IEEE transactions on geoscience and remote sensing},
  volume={45},
  number={2},
  pages={484--495},
  year={2007},
  publisher={IEEE}
}

@article{martinez2007clustering,
  title={Clustering-based hyperspectral band selection using information measures},
  author={Mart{\'I}nez-Us{\'O}Martinez-Uso, Adolfo and Pla, Filiberto and Sotoca, Jos{\'e} Mart{\'\i}nez and Garc{\'\i}a-Sevilla, Pedro},
  journal={IEEE Transactions on Geoscience and Remote Sensing},
  volume={45},
  number={12},
  pages={4158--4171},
  year={2007},
  publisher={IEEE}
}

@article{le2011constrained,
  title={A constrained band selection method based on information measures for spectral image color visualization},
  author={Le Moan, Steven and Mansouri, Alamin and Voisin, Yvon and Hardeberg, Jon Yngve},
  journal={IEEE Transactions on Geoscience and Remote Sensing},
  volume={49},
  number={12},
  pages={5104--5115},
  year={2011},
  publisher={IEEE}
}

@article{battiti1994using,
  title={Using mutual information for selecting features in supervised neural net learning},
  author={Battiti, Roberto},
  journal={IEEE Transactions on neural networks},
  volume={5},
  number={4},
  pages={537--550},
  year={1994},
  publisher={IEEE}
}

@article{guo2008fast,
  title={A fast separability-based feature-selection method for high-dimensional remotely sensed image classification},
  author={Guo, Baofeng and Damper, Robert I and Gunn, Steve R and Nelson, James DB},
  journal={Pattern Recognition},
  volume={41},
  number={5},
  pages={1653--1662},
  year={2008},
  publisher={Elsevier}
}

@article{estevez2009normalized,
  title={Normalized mutual information feature selection},
  author={Est{\'e}vez, Pablo A and Tesmer, Michel and Perez, Claudio A and Zurada, Jacek M},
  journal={IEEE Transactions on Neural Networks},
  volume={20},
  number={2},
  pages={189--201},
  year={2009},
  publisher={IEEE}
}

@article{sotoca2010supervised,
  title={Supervised feature selection by clustering using conditional mutual information-based distances},
  author={Sotoca, Jos{\'e} Mart{\'\i}nez and Pla, Filiberto},
  journal={Pattern Recognition},
  volume={43},
  number={6},
  pages={2068--2081},
  year={2010},
  publisher={Elsevier}
}

@article{cang2012mutual,
  title={Mutual information based input feature selection for classification problems},
  author={Cang, Shuang and Yu, Hongnian},
  journal={Decision Support Systems},
  volume={54},
  number={1},
  pages={691--698},
  year={2012},
  publisher={Elsevier}
}

@article{li2011effective,
  title={An effective feature selection method for hyperspectral image classification based on genetic algorithm and support vector machine},
  author={Li, Shijin and Wu, Hao and Wan, Dingsheng and Zhu, Jiali},
  journal={Knowledge-Based Systems},
  volume={24},
  number={1},
  pages={40--48},
  year={2011},
  publisher={Elsevier}
}

@article{yang2007research,
  title={Research into a feature selection method for hyperspectral imagery using PSO and SVM},
  author={YANG, Hua-chao and ZHANG, Shu-bi and DENG, Ka-zhong and DU, Pei-jun},
  journal={Journal of China university of mining and technology},
  volume={17},
  number={4},
  pages={473--478},
  year={2007},
  publisher={Elsevier}
}

@inproceedings{zhuo2008genetic,
  title={A genetic algorithm based wrapper feature selection method for classification of hyperspectral images using support vector machine},
  author={Zhuo, Li and Zheng, Jing and Li, Xia and Wang, Fang and Ai, Bin and Qian, Junping},
  booktitle={Proc. Geoinformat. Joint Conf. GIS Built Environ. Classif. Remote Sens. Images Int. Soc. Opt. Photonics},
  pages={71471J--71471J},
  year={2008}
}

@article{zhang2007dimensionality,
  title={Dimensionality reduction based on clonal selection for hyperspectral imagery},
  author={Zhang, Liangpei and Zhong, Yanfei and Huang, Bo and Gong, Jianya and Li, Pingxiang},
  journal={IEEE Transactions on Geoscience and Remote Sensing},
  volume={45},
  number={12},
  pages={4172--4186},
  year={2007},
  publisher={IEEE}
}

@article{diaz2006gene,
  title={Gene selection and classification of microarray data using random forest},
  author={D{\'\i}az-Uriarte, Ram{\'o}n and De Andres, Sara Alvarez},
  journal={BMC bioinformatics},
  volume={7},
  number={1},
  pages={3},
  year={2006},
  publisher={BioMed Central}
}

@article{tang2014feature,
  title={Feature selection for classification: A review},
  author={Tang, Jiliang and Alelyani, Salem and Liu, Huan},
  journal={Data Classification: Algorithms and Applications},
  pages={37},
  year={2014},
  publisher={CRC Press}
}


@article{chang2011parallel,
  title={A parallel simulated annealing approach to band selection for high-dimensional remote sensing images},
  author={Chang, Yang-Lang and Chen, Kun-Shan and Huang, Bormin and Chang, Wen-Yen and Benediktsson, Jon Atli and Chang, Lena},
  journal={IEEE Journal of Selected Topics in Applied Earth Observations and Remote Sensing},
  volume={4},
  number={3},
  pages={579--590},
  year={2011},
  publisher={IEEE}
}

@article{bannari1995review,
  title={A review of vegetation indices},
  author={Bannari, A and Morin, D and Bonn, F and Huete, AR},
  journal={Remote sensing reviews},
  volume={13},
  number={1-2},
  pages={95--120},
  year={1995},
  publisher={Taylor \& Francis}
}

@article{boykov2001fast,
  title={Fast approximate energy minimization via graph cuts},
  author={Boykov, Yuri and Veksler, Olga and Zabih, Ramin},
  journal={IEEE Transactions on pattern analysis and machine intelligence},
  volume={23},
  number={11},
  pages={1222--1239},
  year={2001},
  publisher={IEEE}
}

@article{kolmogorov2006convergent,
  title={Convergent tree-reweighted message passing for energy minimization},
  author={Kolmogorov, Vladimir},
  journal={IEEE transactions on pattern analysis and machine intelligence},
  volume={28},
  number={10},
  pages={1568--1583},
  year={2006},
  publisher={IEEE}
}

@article{felzenszwalb2006efficient,
  title={Efficient belief propagation for early vision},
  author={Felzenszwalb, Pedro F and Huttenlocher, Daniel P},
  journal={International journal of computer vision},
  volume={70},
  number={1},
  pages={41--54},
  year={2006},
  publisher={Springer}
}



@article{paris2006fast,
  title={A fast approximation of the bilateral filter using a signal processing approach},
  author={Paris, Sylvain and Durand, Fr{\'e}do},
  journal={Computer Vision--ECCV 2006},
  pages={568--580},
  year={2006},
  publisher={Springer}
}

@article{paris2009bilateral,
  title={Bilateral filtering: Theory and applications},
  author={Paris, Sylvain and Kornprobst, Pierre and Tumblin, Jack and Durand, Fr{\'e}do and others},
  journal={Foundations and Trends{\textregistered} in Computer Graphics and Vision},
  volume={4},
  number={1},
  pages={1--73},
  year={2009},
  publisher={Now Publishers, Inc.}
}


@article{chen2007real,
  title={Real-time edge-aware image processing with the bilateral grid},
  author={Chen, Jiawen and Paris, Sylvain and Durand, Fr{\'e}do},
  journal={ACM Transactions on Graphics (TOG)},
  volume={26},
  number={3},
  pages={103},
  year={2007},
  publisher={ACM}
}

@article{franklin2000incorporating,
  title={Incorporating texture into classification of forest species composition from airborne multispectral images},
  author={Franklin, SE and Hall, RJ and Moskal, LM and Maudie, AJ and Lavigne, MB},
  journal={International journal of remote sensing},
  volume={21},
  number={1},
  pages={61--79},
  year={2000},
  publisher={Taylor \& Francis}
}

@article{beaudoin1994retrieval,
  title={Retrieval of forest biomass from SAR data},
  author={Beaudoin, A and Le Toan, T and Goze, S and Nezry, E and Lopes, A and Mougin, E and Hsu, CC and Han, HC and Kong, JA and Shin, RT},
  journal={International Journal of Remote Sensing},
  volume={15},
  number={14},
  pages={2777--2796},
  year={1994},
  publisher={Taylor \& Francis}
}

@article{le1992relating,
  title={Relating forest biomass to SAR data},
  author={Le Toan, Thuy and Beaudoin, Andr{\'e} and Riom, J and Guyon, Dominique},
  journal={IEEE Transactions on Geoscience and Remote Sensing},
  volume={30},
  number={2},
  pages={403--411},
  year={1992},
  publisher={IEEE}
}

@article{tomppo2008combining,
  title={Combining national forest inventory field plots and remote sensing data for forest databases},
  author={Tomppo, Erkki and Olsson, H{\aa}kan and St{\aa}hl, G{\"o}ran and Nilsson, Mats and Hagner, Olle and Katila, Matti},
  journal={Remote Sensing of Environment},
  volume={112},
  number={5},
  pages={1982--1999},
  year={2008},
  publisher={Elsevier}
}

@article{tokola2015remote,
  title={Remote Sensing Concepts and Their Applicability in REDD+ Monitoring},
  author={Tokola, Timo},
  journal={Current Forestry Reports},
  volume={1},
  number={4},
  pages={252--260},
  year={2015},
  publisher={Springer}
}

@article{jakubowski2013tradeoffs,
  title={Tradeoffs between lidar pulse density and forest measurement accuracy},
  author={Jakubowski, Marek K and Guo, Qinghua and Kelly, Maggi},
  journal={Remote Sensing of Environment},
  volume={130},
  pages={245--253},
  year={2013},
  publisher={Elsevier}
}

@article{ferraz2016lidar,
  title={Lidar detection of individual tree size in tropical forests},
  author={Ferraz, Ant{\'o}nio and Saatchi, Sassan and Mallet, Cl{\'e}ment and Meyer, Victoria},
  journal={Remote Sensing of Environment},
  volume={183},
  pages={318--333},
  year={2016},
  publisher={Elsevier}
}

@article{strunk2012effects,
  title={Effects of lidar pulse density and sample size on a model-assisted approach to estimate forest inventory variables},
  author={Strunk, Jacob and Temesgen, Hailemariam and Andersen, Hans-Erik and Flewelling, James P and Madsen, Lisa},
  journal={Canadian Journal of Remote Sensing},
  volume={38},
  number={05},
  pages={644--654},
  year={2012},
  publisher={NRC Research Press}
}

@article{holmgren2004prediction,
  title={Prediction of tree height, basal area and stem volume in forest stands using airborne laser scanning},
  author={Holmgren, Johan},
  journal={Scandinavian Journal of Forest Research},
  volume={19},
  number={6},
  pages={543--553},
  year={2004},
  publisher={Taylor \& Francis}
}

@article{patenaude2005synthesis,
  title={Synthesis of remote sensing approaches for forest carbon estimation: reporting to the Kyoto Protocol},
  author={Patenaude, Genevieve and Milne, Ronald and Dawson, Terence P},
  journal={Environmental Science \& Policy},
  volume={8},
  number={2},
  pages={161--178},
  year={2005},
  publisher={Elsevier}
}

@article{wulder2008role,
  title={The role of LiDAR in sustainable forest management},
  author={Wulder, Michael A and Bater, Christopher W and Coops, Nicholas C and Hilker, Thomas and White, Joanne C},
  journal={The Forestry Chronicle},
  volume={84},
  number={6},
  pages={807--826},
  year={2008},
  publisher={NRC Research Press Ottawa, Canada}
}

@inproceedings{landrieu2016cut,
  title={Cut Pursuit: fast algorithms to learn piecewise constant functions},
  author={Landrieu, Loic and Obozinski, Guillaume},
  booktitle={Artificial Intelligence and Statistics},
  pages={1384--1393},
  year={2016}
}

@article{brooks2006global,
  title={Global biodiversity conservation priorities},
  author={Brooks, Thomas M and Mittermeier, Russell A and da Fonseca, Gustavo AB and Gerlach, Justin and Hoffmann, Michael and Lamoreux, John F and Mittermeier, Cristina Goettsch and Pilgrim, John D and Rodrigues, Ana SL},
  journal={science},
  volume={313},
  number={5783},
  pages={58--61},
  year={2006},
  publisher={American Association for the Advancement of Science}
}

@book{wasiq2004sustaining,
  title={Sustaining forests: A development strategy},
  author={Wasiq, Mahwash and Ahmad, Masood},
  year={2004},
  publisher={The World Bank}
}


@article{viterbini1987single,
  title={Single photon detection and timing system for a lidar experiment},
  author={Viterbini, Maurizio and Adriani, Alberto and Di Donfrancesco, Guido},
  journal={Review of scientific instruments},
  volume={58},
  number={10},
  pages={1833--1839},
  year={1987},
  publisher={AIP}
}
